@online{mesonet,
   author = {Darius Afchar, Vincent Nozick, Junichi Yamagishi, Isao Echizen},
   title = {{MesoNet: a Compact Facial Video Forgery Detection Network}},
   year = {2018},
   url = {https://arxiv.org/abs/1809.00888}
}

@online{britannica_deepfake,
  author    = {Payne, Laura},
  title     = {Deepfake},
  year      = {2024},
  url       = {https://www.britannica.com/technology/deepfake},
  note      = {Encyclopedia Britannica, 8 Feb. 2024},
  urldate   = {2024-02-26}
}